/Users/tlatrille/Documents/11-References/bibtex/references.bib